<?xml version="1.0" encoding="UTF-8"?>
  <record xmlns="http://www.loc.gov/MARC21/slim" type="Authority">
    <leader>00000nz  a2200000oc 4500</leader>
    <controlfield tag="001">1152233157</controlfield>
    <controlfield tag="003">DE-101</controlfield>
    <controlfield tag="005">20180212145850.0</controlfield>
    <controlfield tag="008">180212n||aznnnaabn           | aaa    |c</controlfield>
    <datafield tag="024" ind1="7" ind2=" ">
      <subfield code="a">1152233157</subfield>
      <subfield code="0">http://d-nb.info/gnd/1152233157</subfield>
      <subfield code="2">gnd</subfield>
    </datafield>
    <datafield tag="035" ind1=" " ind2=" ">
      <subfield code="a">(DE-101)1152233157</subfield>
    </datafield>
    <datafield tag="035" ind1=" " ind2=" ">
      <subfield code="a">(DE-588)1152233157</subfield>
    </datafield>
    <datafield tag="040" ind1=" " ind2=" ">
      <subfield code="a">DE-547</subfield>
      <subfield code="c">DE-547</subfield>
      <subfield code="9">r:DE-601</subfield>
      <subfield code="b">ger</subfield>
      <subfield code="d">0547</subfield>
    </datafield>
    <datafield tag="042" ind1=" " ind2=" ">
      <subfield code="a">gnd3</subfield>
    </datafield>
    <datafield tag="043" ind1=" " ind2=" ">
      <subfield code="c">XA-DE</subfield>
    </datafield>
    <datafield tag="075" ind1=" " ind2=" ">
      <subfield code="b">p</subfield>
      <subfield code="2">gndgen</subfield>
    </datafield>
    <datafield tag="075" ind1=" " ind2=" ">
      <subfield code="b">piz</subfield>
      <subfield code="2">gndspec</subfield>
    </datafield>
    <datafield tag="079" ind1=" " ind2=" ">
      <subfield code="a">g</subfield>
      <subfield code="q">a</subfield>
      <subfield code="q">f</subfield>
    </datafield>
    <datafield tag="100" ind1="1" ind2=" ">
      <subfield code="a">Weininger, Johannes</subfield>
    </datafield>
    <datafield tag="400" ind1="1" ind2=" ">
      <subfield code="a">Weininger, Johannes</subfield>
      <subfield code="c">der Jüngere</subfield>
    </datafield>
    <datafield tag="400" ind1="1" ind2=" ">
      <subfield code="a">Weininger, Johann</subfield>
    </datafield>
    <datafield tag="400" ind1="1" ind2=" ">
      <subfield code="a">Weiniger, Johann</subfield>
    </datafield>
    <datafield tag="400" ind1="1" ind2=" ">
      <subfield code="a">Weiniger, Johannes</subfield>
    </datafield>
    <datafield tag="500" ind1="1" ind2=" ">
      <subfield code="0">(DE-101)131418882</subfield>
      <subfield code="0">(DE-588)131418882</subfield>
      <subfield code="0">https://d-nb.info/gnd/131418882</subfield>
      <subfield code="a">Weininger, Johannes</subfield>
      <subfield code="d">1549-1629</subfield>
      <subfield code="4">bezf</subfield>
      <subfield code="4">https://d-nb.info/standards/elementset/gnd#familialRelationship</subfield>
      <subfield code="w">r</subfield>
      <subfield code="i">Beziehung familiaer</subfield>
      <subfield code="e">Beziehung familiaer</subfield>
      <subfield code="9">v:Vater</subfield>
    </datafield>
    <datafield tag="548" ind1=" " ind2=" ">
      <subfield code="a">1608</subfield>
      <subfield code="4">datw</subfield>
      <subfield code="4">https://d-nb.info/standards/elementset/gnd#periodOfActivity</subfield>
      <subfield code="w">r</subfield>
      <subfield code="i">Wirkungsdaten</subfield>
    </datafield>
    <datafield tag="550" ind1=" " ind2=" ">
      <subfield code="0">(DE-101)041325923</subfield>
      <subfield code="0">(DE-588)4132592-8</subfield>
      <subfield code="0">https://d-nb.info/gnd/4132592-8</subfield>
      <subfield code="a">Pfarrer</subfield>
      <subfield code="4">berc</subfield>
      <subfield code="4">https://d-nb.info/standards/elementset/gnd#professionOrOccupation</subfield>
      <subfield code="w">r</subfield>
      <subfield code="i">Charakteristischer Beruf</subfield>
    </datafield>
    <datafield tag="550" ind1=" " ind2=" ">
      <subfield code="0">(DE-101)042108012</subfield>
      <subfield code="0">(DE-588)4210801-9</subfield>
      <subfield code="0">https://d-nb.info/gnd/4210801-9</subfield>
      <subfield code="a">Hofprediger</subfield>
      <subfield code="4">beru</subfield>
      <subfield code="4">https://d-nb.info/standards/elementset/gnd#professionOrOccupation</subfield>
      <subfield code="w">r</subfield>
      <subfield code="i">Beruf</subfield>
    </datafield>
    <datafield tag="550" ind1=" " ind2=" ">
      <subfield code="0">(DE-101)04168513X</subfield>
      <subfield code="0">(DE-588)4168513-1</subfield>
      <subfield code="0">https://d-nb.info/gnd/4168513-1</subfield>
      <subfield code="a">Magister</subfield>
      <subfield code="4">akad</subfield>
      <subfield code="4">https://d-nb.info/standards/elementset/gnd#academicDegree</subfield>
      <subfield code="w">r</subfield>
      <subfield code="i">Akademischer Grad</subfield>
    </datafield>
    <datafield tag="551" ind1=" " ind2=" ">
      <subfield code="0">(DE-101)040585824</subfield>
      <subfield code="0">(DE-588)4058582-7</subfield>
      <subfield code="0">https://d-nb.info/gnd/4058582-7</subfield>
      <subfield code="a">Sulzburg</subfield>
      <subfield code="4">ortw</subfield>
      <subfield code="4">https://d-nb.info/standards/elementset/gnd#placeOfActivity</subfield>
      <subfield code="w">r</subfield>
      <subfield code="i">Wirkungsort</subfield>
    </datafield>
    <datafield tag="551" ind1=" " ind2=" ">
      <subfield code="0">(DE-101)040322157</subfield>
      <subfield code="0">(DE-588)4032215-4</subfield>
      <subfield code="0">https://d-nb.info/gnd/4032215-4</subfield>
      <subfield code="a">Konstanz</subfield>
      <subfield code="4">ortw</subfield>
      <subfield code="4">https://d-nb.info/standards/elementset/gnd#placeOfActivity</subfield>
      <subfield code="w">r</subfield>
      <subfield code="i">Wirkungsort</subfield>
    </datafield>
    <datafield tag="667" ind1=" " ind2=" ">
      <subfield code="a">547</subfield>
    </datafield>
    <datafield tag="667" ind1=" " ind2=" ">
      <subfield code="a">VD-17</subfield>
    </datafield>
    <datafield tag="670" ind1=" " ind2=" ">
      <subfield code="a">BAChr 401,268-269 (Vater)</subfield>
    </datafield>
    <datafield tag="672" ind1=" " ind2="0">
      <subfield code="a">Erhöbliche wolbegründte Motiven und Ursachen Dardurch des ... Herren Georg Fridrichen Marggrauen zu Baden und Hochberg ... gewester HoffCapplan. Johannes Weininger ... Bewegt worden sich von der Lutherischen ... zu der Allgemeinen Catholischen Römischen Kirchen zubegeben</subfield>
      <subfield code="f">1608</subfield>
    </datafield>
    <datafield tag="678" ind1=" " ind2=" ">
      <subfield code="b">Dt. Theologe; ev. Hofkaplan bei Markgraf Georg Friedrich von Baden-Durlach; konvertierte zum Katholizismus</subfield>
    </datafield>
  </record>
